@article{DBLP:journals/corr/MnihKSGAWR13,
  author    = {Volodymyr Mnih and
               Koray Kavukcuoglu and
               David Silver and
               Alex Graves and
               Ioannis Antonoglou and
               Daan Wierstra and
               Martin A. Riedmiller},
  title     = {Playing Atari with Deep Reinforcement Learning},
  journal   = {CoRR},
  volume    = {abs/1312.5602},
  year      = {2013},
  url       = {http://arxiv.org/abs/1312.5602},
  archivePrefix = {arXiv},
  eprint    = {1312.5602},
  timestamp = {Mon, 13 Aug 2018 16:47:42 +0200},
  biburl    = {https://dblp.org/rec/bib/journals/corr/MnihKSGAWR13},
  bibsource = {dblp computer science bibliography, https://dblp.org}
}
@article{DBLP:journals/corr/WangFL15,
  author    = {Ziyu Wang and
               Nando de Freitas and
               Marc Lanctot},
  title     = {Dueling Network Architectures for Deep Reinforcement Learning},
  journal   = {CoRR},
  volume    = {abs/1511.06581},
  year      = {2015},
  url       = {http://arxiv.org/abs/1511.06581},
  archivePrefix = {arXiv},
  eprint    = {1511.06581},
  timestamp = {Mon, 13 Aug 2018 16:48:17 +0200},
  biburl    = {https://dblp.org/rec/bib/journals/corr/WangFL15},
  bibsource = {dblp computer science bibliography, https://dblp.org}
}

@article{DBLP:journals/corr/HasseltGS15,
  author    = {Hado van Hasselt and
               Arthur Guez and
               David Silver},
  title     = {Deep Reinforcement Learning with Double Q-learning},
  journal   = {CoRR},
  volume    = {abs/1509.06461},
  year      = {2015},
  url       = {http://arxiv.org/abs/1509.06461},
  archivePrefix = {arXiv},
  eprint    = {1509.06461},
  timestamp = {Mon, 13 Aug 2018 16:47:32 +0200},
  biburl    = {https://dblp.org/rec/bib/journals/corr/HasseltGS15},
  bibsource = {dblp computer science bibliography, https://dblp.org}
}